<record><leader>00000cas a2200000 a 4500</leader><controlfield tag="001">10029579</controlfield><controlfield tag="008">831018c19839999caudn ne      0   a0eng c</controlfield><datafield ind1=" " ind2=" " tag="010"><subfield code="a">sn 83004521 </subfield></datafield><datafield ind1=" " ind2=" " tag="040"><subfield code="a">NSD</subfield><subfield code="b">eng</subfield><subfield code="c">NSD</subfield><subfield code="d">CNK</subfield><subfield code="d">OCLCQ</subfield><subfield code="d">CNK</subfield><subfield code="d">OCLCQ</subfield><subfield code="d">OCLCF</subfield><subfield code="d">OCLCO</subfield></datafield><datafield ind1=" " ind2=" " tag="012"><subfield code="k">1</subfield><subfield code="m">1</subfield></datafield><datafield ind1="1" ind2=" " tag="022"><subfield code="a">0746-4193</subfield><subfield code="l">0746-4193</subfield><subfield code="2">1</subfield></datafield><datafield ind1="1" ind2=" " tag="029"><subfield code="a">AU@</subfield><subfield code="b">000020408813</subfield></datafield><datafield ind1=" " ind2=" " tag="032"><subfield code="a">655060</subfield><subfield code="b">USPS</subfield></datafield><datafield ind1=" " ind2=" " tag="037"><subfield code="b">Reporter, 318 Main St., PO Box 1509, Vacaville, CA 95688</subfield></datafield><datafield ind1=" " ind2=" " tag="042"><subfield code="a">nsdp</subfield><subfield code="a">pcc</subfield></datafield><datafield ind1="0" ind2=" " tag="130"><subfield code="a">Reporter (Vacaville, Calif.)</subfield></datafield><datafield ind1=" " ind2="0" tag="222"><subfield code="a">Reporter</subfield><subfield code="b">(Vacaville, Calif.)</subfield></datafield><datafield ind1="0" ind2="0" tag="245"><subfield code="a">Reporter.</subfield></datafield><datafield ind1=" " ind2=" " tag="260"><subfield code="a">Vacaville, Calif. :</subfield><subfield code="b">John Rico Pub. Co.</subfield></datafield><datafield ind1=" " ind2=" " tag="300"><subfield code="a">v.</subfield></datafield><datafield ind1=" " ind2=" " tag="310"><subfield code="a">Daily (except Sunday),</subfield><subfield code="b">&lt;Sept. 7, 1987-&gt;</subfield></datafield><datafield ind1=" " ind2=" " tag="321"><subfield code="a">Frequency varies,</subfield><subfield code="b">Oct. 4, 1983-</subfield></datafield><datafield ind1="0" ind2=" " tag="362"><subfield code="a">Oct. 4, 1983-</subfield></datafield><datafield ind1=" " ind2=" " tag="515"><subfield code="a">Issues have number designation which repeats every year.</subfield></datafield><datafield ind1=" " ind2=" " tag="530"><subfield code="a">Also available on the internet, called: TheReporter. Com.</subfield></datafield><datafield ind1=" " ind2=" " tag="530"><subfield code="a">Master negatives are available for duplication from:</subfield><subfield code="b">California Newspaper Microfilm Archive;</subfield><subfield code="c">positive copies may be purchased by the reel; for further information consult the CNMA at:</subfield><subfield code="u">http://cbsr.ucr.edu</subfield></datafield><datafield ind1=" " ind2="0" tag="651"><subfield code="a">Vacaville (Calif.)</subfield><subfield code="v">Newspapers.</subfield></datafield><datafield ind1=" " ind2="7" tag="655"><subfield code="a">Newspapers.</subfield><subfield code="2">fast</subfield><subfield code="0">(OCoLC)fst01423814</subfield></datafield><datafield ind1=" " ind2="7" tag="651"><subfield code="a">California</subfield><subfield code="z">Vacaville.</subfield><subfield code="2">fast</subfield><subfield code="0">(OCoLC)fst01214316</subfield></datafield><datafield ind1="0" ind2=" " tag="740"><subfield code="a">TheReporter. Com.</subfield></datafield><datafield ind1=" " ind2=" " tag="752"><subfield code="a">United States</subfield><subfield code="b">California</subfield><subfield code="c">Solano</subfield><subfield code="d">Vacaville.</subfield></datafield><datafield ind1="0" ind2="0" tag="780"><subfield code="t">Vacaville reporter (Vacaville, Calif. : 1977)</subfield><subfield code="w">(DLC)sn 95062263</subfield></datafield><datafield ind1="7" ind2=" " tag="856"><subfield code="z">Online version:</subfield><subfield code="u">http://www.thereporter.com/</subfield><subfield code="2">http</subfield></datafield><datafield ind1=" " ind2=" " tag="936"><subfield code="a">[1987], no. 215 (Sept. 7, 1987) LIC</subfield></datafield></record>